2324 3750
486 501 740 569 PROLOGVS

444 706 591 764 vavam
672 706 788 766 Iuorm

111 857 164 914 Lv.
208 856 337 930 Sequere
358 853 414 912 hac
435 872 492 924 me,
515 863 612 930 gnata,
634 862 667 912 ut
688 856 797 912 munus
818 853 948 928 fungaris
970 862 1067 912 tuom.

115 955 231 1011 <ΙΝ.>
276 951 407 1027 Sequor:
435 950 488 1011 sed
509 951 599 1010 finem
620 950 683 1010 fore
705 969 795 1026 quem
817 948 916 1010 dicam
938 948 1051 1010 nescio

114 1051 236 1108 <Lv.>
280 1047 392 1107 Adest:
421 1047 558 1108 emillae
580 1058 649 1107 sunt
670 1048 778 1107 aedes:
806 1045 815 1104 i
837 1045 915 1106 intro
936 1044 1092 1106 nunciam.

364 1164 366 1167 ·
898 1140 991 1225 [Exit
1002 1146 1124 1222 Ιηορἰα.

113 1246 210 1316 Nunc,
233 1240 339 1319 nequis
361 1253 437 1302 erret
457 1242 599 1314 nostrum,
622 1240 725 1319 paucis
747 1243 777 1301 In
798 1239 879 1301 uiam

113 1343 278 1413 Deducam
302 1341 326 1400 si
347 1340 469 1418 quidem
491 1340 613 1418 operam
635 1342 706 1402 dare
727 1339 906 1417 promittitis.
1103 1357 1124 1420 ’5

112 1441 202 1498 Nunc
223 1437 311 1514 igitur
331 1435 459 1514 primum
481 1437 558 1514 quae
579 1457 636 1514 ego
657 1436 712 1497 sim
734 1449 764 1497 et
785 1456 863 1513 quae
884 1436 970 1498 illaec
991 1435 1060 1510 siet,

114 1537 184 1595 Huc
206 1553 283 1611 quae
304 1535 376 1594 abiit
396 1534 483 1608 intro,
506 1535 614 1606 dicam,
637 1533 662 1594 si
682 1534 816 1594 animum
838 1533 1001 1595 aduortitis.

113 1632 244 1692 Primum
266 1632 339 1691 mihi
361 1633 482 1692 Plautus
503 1633 615 1693 nomen
638 1632 784 1692 Luxuriae
806 1632 932 1693 indidit:

111 1731 190 1788 Tum
209 1726 213 1809 l
232 1729 311 1788 hanc
331 1726 409 1788 mihi
424 1738 546 1804 gnatam
567 1731 632 1787 esse
653 1727 747 1788 uoluit
770 1711 916 1804 inopiam.

111 1829 170 1888 Sed
192 1847 228 1888 ea
247 1828 305 1887 huc
327 1826 400 1904 quid
421 1825 565 1886 introierit
585 1827 705 1902 inpulsu
727 1845 803 1901 me0‚

112 1926 249 2003 Accipite
271 1938 300 1986 et
321 1927 391 1987 date
412 1927 536 1985 uociuas
557 1924 634 1985 auris
655 1928 727 1987 dum
751 1926 882 2003 eloquor.

111 2015 297 2084 'Adulescens
319 2023 479 2100 quidamst,
502 2025 554 2100 qui
575 2023 606 2082 in
627 2024 708 2085 hisce
730 2025 844 2085 habitat
865 2025 1006 2088 aedibus:

113 2126 143 2181 Is
164 2122 226 2183 rem
248 2133 402 2198 paternam
424 2141 472 2181 me
493 2121 636 2182 adiutrice
657 2122 795 2198 perdidit.

112 2219 264 2296 Quoniam
286 2220 321 2290 ei,
345 2218 396 2296 qui
417 2238 466 2279 me
486 2221 585 2294 aleret,
608 2220 651 2278 nss
672 2219 763 2281 uideo
784 2239 849 2281 esse
869 2220 980 2293 relicui,

112 2317 192 2378 Dedi
214 2318 242 2379 ei
264 2335 363 2376 meam
383 2318 512 2393 gnatam,
535 2317 657 2394 quicum
679 2329 807 2378 aetatem
830 2319 935 2396 exigat.
1087 2343 1125 2402 15

111 2417 171 2477 Sed
191 2416 230 2476 de
251 2416 425 2493 argumento
447 2434 485 2475 ne
506 2415 682 2493 exspectetis
703 2415 839 2476 fabulae:

112 2517 205 2576 Senes
227 2516 277 2591 qui
298 2516 357 2573 huc
377 2512 508 2586 uenient,
531 2515 559 2574 ei
580 2533 641 2573 rem
663 2513 750 2573 uobis
771 2514 912 2590 aperient.

112 2613 195 2674 Huic
217 2615 332 2674 Graece
352 2631 463 2672 nomen
486 2614 531 2672 est
551 2613 728 2672 Thensauro
748 2611 884 2675 fabulae:

112 2711 247 2772 Philemo
269 2709 402 2786 scripsit:
432 2709 554 2769 Plautus
576 2709 666 2768 uortit
686 2707 816 2782 barbare,

110 2810 230 2869 Nomen
251 2809 430 2867 Trinummo
451 2804 528 2866 fecit.
572 2825 653 2866 nunc
673 2807 732 2866 hoc
753 2806 808 2866 uos
829 2817 913 2884 rogat
1083 2833 1124 2871 20

110 2910 151 2967 Vt
171 2908 260 2967 liceat
281 2904 434 2982 possidere
454 2906 533 2965 hane
553 2924 663 2965 nomen
686 2903 827 2965 fabulam.

108 3006 136 3063 T
138 3006 278 3063 antumst.
322 3003 439 3072 ualete;
466 3002 569 3061 adeste
590 3020 658 3060 cum
681 3001 807 3062 silentio.
1014 3000 1117 3084 [Exit.
