2324 3750
16 116 47 235 pl
96 116 129 176 Π
145 147 166 198 2,
179 153 292 212 21-45
310 133 364 217 [Α]
448 102 728 197 mmmmm

36 246 45 361 ‚i
99 270 159 342 Μθό
178 290 269 350 modo
291 301 321 350 et
343 291 476 352 moribus
497 292 591 353 uluito
613 292 761 370 antiquis:

30 400 38 449 l
98 367 171 444 Quae
192 388 247 465 egd
269 386 324 447 tibi
344 387 505 466 praecipio,
527 391 563 450 ea
583 388 682 450 facito.

27 464 31 479 ¹
92 464 132 530 ΝΠ
150 499 211 562 ego
233 483 308 545 istos
330 504 429 545 moror
451 486 569 546 faeceos
592 487 700 557 mdres,

18 588 21 595 '
83 556 269 662 [Turbldosl
292 580 400 658 quibus
421 581 493 644 bdni
514 583 698 644 dedecorant
720 585 787 644 sese.

42 677 66 716 ²⁵
78 658 168 733 Haec
191 677 246 738 tlbi
266 678 291 739 si
311 698 378 739 mea
396 680 522 759 imperial
539 699 686 758 capesses,
707 682 800 741 multal
820 683 900 741 bona
918 681 949 740 in
968 694 1090 758 pectore

156 776 329 838 consident.
941 801 1008 857 299,
1031 801 1090 857 300

65 856 110 917 LY-
179 877 304 952 Semper
322 894 379 952 ego
397 877 550 953 usquead
569 878 647 937 hanc
666 888 794 938 aetatem
816 880 856 938 ab
877 879 999 939 lneunte
1020 879 1091 938 adu-

157 973 306 1034 lescentia

57 1055 144 1120 TUfS
177 1070 286 1130 seruiui
307 1069 479 1132 seruitutem
500 1070 639 1149 imperiis,
662 1068 719 1153 [et]
740 1066 917 1150 praeceptis,
940 1085 1030 1151 pater.

55 1153 116 1209 Ρῐῡ
146 1165 277 1244 ingenio
291 1185 348 1244 ego
362 1185 411 1227 me
424 1167 551 1227 liberum
566 1187 631 1229 esse
645 1169 725 1228 ratus
739 1187 816 1242 sum,
827 1188 883 1246 pro
897 1168 1022 1247 imperio
1037 1180 1091 1231 tuo

55 1247 190 1322 Mffum
210 1263 344 1323 animum
366 1263 420 1324 tibi
441 1263 612 1326 seruitutem
634 1262 744 1325 seruire
765 1283 894 1341 aequom
916 1265 1026 1326 censui.

16 1367 43 1411 ³⁰
56 1343 211 1420 <Pl-s>
256 1362 316 1436 Qul
343 1362 436 1422 homo
464 1381 533 1421 cum
561 1362 663 1422 animo
687 1359 758 1421 inde
783 1360 822 1421 a'b
846 1363 969 1422 ineunte
994 1364 1091 1425 aetate

68 1524 75 1543 Ι
166 1459 316 1538 depugnat
335 1478 401 1531 suo,
1032 1479 1089 1539 305

59 1543 190 1645 lifl‘um
211 1557 293 1619 itane
311 1577 377 1618 esse
396 1557 518 1618 mauelit
537 1568 570 1617 ut
588 1576 658 1618 eum
677 1556 794 1617 animus
813 1577 942 1635 aequom
961 1560 1091 1632 censeat,

70 1647 124 1747 bn
156 1654 196 1717 ita
215 1656 317 1734 potius
338 1660 371 1717 ut
392 1656 523 1734 parentis
544 1661 613 1718 eum
635 1675 701 1718 esse
722 1668 752 1718 et
773 1659 893 1735 cognati
915 1658 1026 1718 uelint:

75 1743 106 1801 Sl
122 1743 246 1814 finimus
260 1753 412 1815 hominem
426 1754 550 1833 pepulit,
562 1767 698 1828 actumst,
710 1753 812 1816 dnimo
827 1754 925 1828 seruit,
941 1756 1002 1816 non
1018 1754 1091 1815 sibi:

10 1862 27 1983 p
85 1832 116 1900 S'l
139 1848 201 1929 lpse
220 1851 354 1912 animum
375 1854 500 1930 pepulit,
520 1855 592 1914 dum
614 1853 697 1926 uiuit,
718 1855 814 1914 ulctor
834 1853 980 1913 uictorum
1002 1854 1091 1914 cluet.

63 1934 140 2003 ³⁵Tll
160 1950 182 2007 si
206 1948 339 2008 animum
363 1948 461 2010 uicisti
485 1949 585 2026 potius
610 1969 700 2026 quam
724 1949 842 2010 animus
871 1960 909 2024 te,
936 1960 981 2010 est
1009 1950 1092 2026 quod

10 2046 37 2127 >i
166 2048 304 2125 gaudeas.
1033 2067 1093 2124 310

10 2124 40 2313 5!
98 2139 190 2205 Nlmio
210 2145 323 2217 satiust,
344 2150 377 2206 ut
397 2158 486 2224 opust
508 2158 538 2208 te
558 2145 600 2207 ita
621 2150 695 2218 esse,
711 2166 801 2224 quam
823 2160 856 2207 ut
876 2146 979 2207 auimo
1000 2148 1091 2207 lubet.

10 2296 19 2327 ,Ι
95 2238 161 2320 (Qui
173 2242 305 2304 animum
320 2244 453 2318 uincunt,
468 2245 559 2322 quam
573 2266 649 2323 quos
666 2246 791 2321 animus,
807 2247 924 2324 semper
938 2245 1093 2325 probiores

167 2345 273 2405 cluent.
301 2361 304 2367 ·

88 2444 142 2503 Lu.
185 2344 290 2503 istaec)
307 2461 363 2520 ego
388 2440 461 2500 mihi
486 2443 605 2519 semper
628 2441 718 2502 habui
742 2442 832 2505 aetati
854 2441 1092 2520 integumenttlm

166 2559 261 2613 meae,
329 2593 332 2599 .

39 2697 43 2703 .
84 2640 136 2703 Ne
150 2650 335 2717 penetrarem
349 2659 399 2699 me
412 2639 547 2716 usquam,
564 2637 616 2700 ubi
633 2650 711 2700 esset
729 2639 831 2699 ddmni
850 2637 1092 2711 conciliabulum,

37 2763 69 2802 4ο
85 2738 137 2800 Ne
147 2747 238 2799 noctu
248 2735 322 2798 irem
332 2733 559 2815 obambulatum
570 2737 630 2796 ned
642 2756 728 2796 suom
740 2736 901 2797 adimerem
912 2735 1005 2809 ailteri,
1034 2755 1092 2815 315

82 2833 157 2899 Neu
177 2833 232 2894 tibi
252 2830 477 2911 aegritudinem,
500 2844 592 2912 pater,
616 2835 761 2910 paterem,
782 2831 860 2910 parsi
881 2831 1004 2893 sedulo:

81 2932 170 2996 Sdrta
190 2942 270 2993 tecta
290 2935 341 2992 tria
361 2942 520 3008 praecepta
541 2951 636 3009 usque
656 2930 747 2992 ha'bui
768 2951 836 2991 mea
856 2931 1009 2992 modestia.

85 3034 215 3093 <Pn>
260 3032 342 3107 Quld
367 3031 526 3108 exprobras
547 3032 629 3094 bene
653 3031 736 3108 quod
760 3028 879 3090 fecisti?
909 3029 964 3090 tlbi
989 3029 1094 3105 fecisti,

167 3130 230 3190 ndu
251 3127 341 3190 mihi:

83 3227 167 3292 Mlhi
188 3228 309 3306 quidem
331 3240 413 3289 aetas
434 3227 529 3289 actast
549 3230 649 3297 ferme,
669 3231 721 3288 tua
741 3227 818 3286 istuc
839 3228 927 3286 refert
947 3228 1094 3287 mdxume.

38 3353 69 3396 ⁴⁵
84 3323 177 3412 [Pa]
220 3309 250 3386 is
264 3328 398 3403 probust,
414 3344 503 3402 quem
523 3324 655 3403 paenitet
674 3343 764 3402 quam
783 3323 896 3401 probus
916 3323 953 3384 sit
973 3335 1002 3384 et
1021 3325 1096 3402 lrugl

170 3424 285 3495 bonae:
919 3460 920 3464 =
1036 3442 1096 3498 320
