2190 3758
509 733 668 800 ACTVS
703 737 767 803 IV.

534 957 730 1018 Cnnrurous

592 1079 672 1129 Senex

50 1192 89 1242 Ν
100 1198 115 1243 1
128 1196 320 1273 Salsipotenti
333 1206 363 1256 et
375 1193 580 1272 multipotenti
591 1195 674 1256 Iouis
685 1194 765 1257 tritri
777 1201 917 1262 aetherei
929 1205 959 1262 N
961 1202 976 1262 έ

129 1296 239 1356 Laetus
253 1295 361 1356 lubens
374 1295 479 1355 laudes
493 1296 550 1374 ego
567 1305 598 1356 et
613 1305 719 1374 grates,
734 1299 912 1376 gratiasque
932 1303 976 1361 hai

210 1393 349 1454 fluctibus
370 1373 462 1467 salsis,

130 1493 216 1568 Quos
233 1490 327 1570 penes
346 1493 411 1552 mei
428 1491 522 1568 <ficit
538 1494 684 1552 summo>
704 1500 850 1569 potestas,
866 1495 959 1557 bonis

211 1592 288 1650 soret
309 1599 339 1649 et
359 1588 446 1649 meae
466 1587 555 1662 uitae,

130 1687 234 1763 Quom
262 1688 322 1747 suis
350 1706 399 1748 me
430 1706 468 1748 ex
498 1687 574 1749 locis
600 1686 632 1748 in
660 1686 786 1765 petriam
815 1689 916 1750 urbem
944 1694 976 1752 sn'

212 1786 352 1846 reducem
373 1783 496 1844 faciunt

105 1885 233 1961 sAtque
249 1883 314 1963 ego,
331 1885 480 1960 Neptune,
497 1881 551 1943 tibi
569 1885 640 1944 inte
659 1885 734 1945 alios
753 1886 826 1946 deos
846 1888 958 1964 gritias

213 1985 310 2045 habeo
332 2002 470 2044 summas.

131 2084 211 2144 Nam
227 2095 256 2144 te
271 2083 377 2144 omnes
392 2080 576 2157 saeuomque
586 2100 783 2158 seuerumque
794 2091 886 2158 atque
900 2084 974 2145 duid

212 2181 459 2256 commemorant,

131 2282 337 2359 Spurcificum,
377 2279 538 2350 inmanem,
576 2278 807 2351 intolerandum,
845 2278 976 2339 uesa'nun

212 2392 316 2440 eontra
337 2397 429 2456 opera
450 2379 596 2454 expertus.

131 2481 211 2540 Nam
225 2480 278 2558 pdl
292 2477 412 2557 placido
428 2488 458 2536 te
472 2487 502 2538 et
516 2476 657 2537 elementi
676 2495 745 2536 meo
764 2476 860 2552 usque
878 2477 976 2550 modo,

212 2583 284 2639 usus
305 2595 372 2638 sum
392 2575 423 2635 in
444 2576 513 2635 alto.

129 2677 230 2753 Atque
244 2674 323 2736 hinc
337 2684 419 2735 tuam
433 2673 556 2753 gloriam
573 2671 632 2733 iam
652 2674 721 2733 inte
740 2671 860 2731 auribus
879 2672 976 2750 accep

212 2774 321 2835 nobilis
342 2775 423 2852 ipud
445 2773 632 2845 homines—,

93 2887 118 2914 10
131 2870 316 2948 Pauperibus
326 2881 355 2931 te
363 2873 483 2947 parcere
492 2871 622 2945 solitum,
632 2869 741 2930 diuites
752 2867 893 2928 damnare
903 2879 976 2946 atqu

129 2965 198 3040 Abi,
224 2969 335 3030 laudo:
363 2969 420 3029 seis
445 2970 558 3042 ordine,
581 2981 614 3030 ut
638 2979 806 3046 aequomst,
831 2970 957 3030 tractdre

210 3066 270 3126 hoc
292 3068 337 3127 dis
358 3066 528 3144 dignumst:

131 3162 289 3244 [iSemper
309 3163 456 3225 mendicis
476 3165 605 3226 modesti
627 3162 708 3246 sint]

132 3261 223 3322 Fidus
244 3259 341 3321 suisti:
369 3259 495 3319 infidum
517 3265 582 3323 esse
602 3261 718 3322 iterant.
763 3280 833 3320 nam
859 3269 974 3341 apsque

211 3356 476 3419 mmmm
