2190 3758
92 154 130 192 ²²
457 135 683 195 TRINVMM
685 136 742 195 VS.
821 140 901 212 114,
917 143 1024 217 65—97

51 280 77 327 ⁵⁶
92 293 172 350 Nam
192 292 219 349 si
239 291 281 349 sic
302 310 365 350 non
385 289 495 362 licebit,
516 291 619 351 luscus
638 292 752 352 dixero

94 391 218 448 (Ρη.)
263 391 312 448 Ita
331 394 364 448 tii
385 408 465 448 nunc
485 389 570 460 dicis,
592 389 654 450 non
674 407 742 450 esse
763 391 1002 470 aequipenibiles

91 486 216 546 t'osua's
235 505 305 544 cum
327 489 434 547 nostris
455 486 600 547 fictiones
619 486 711 564 aitque
731 492 833 566 opes?

92 585 146 643 Lu.
177 584 263 644 Dion
308 587 364 644 Pis
394 585 475 661 Quid
490 588 593 646 nunc?
613 585 1034 651 siinaedemndcenamuen

91 686 192 758 Atque
212 681 253 740 ibi
274 683 434 758 opuientus
455 681 513 742 tibi
532 701 587 759 per
605 683 681 743 forte
702 683 872 758 obuenerit,

53 808 80 846 ,ο
92 778 239 855 Adposita
258 797 335 838 oenn
354 781 401 852 sit,
422 780 599 856 popuiamm
620 781 712 858 quim
732 794 858 854 uocant,

90 876 121 935 Si
143 876 185 935 iili
205 889 366 952 congestae
386 878 446 936 sint
466 877 573 954 epulae
592 896 612 936 a
631 877 822 938 cluentinus:

90 973 195 1050 Siquid
216 973 270 1034 tibi
290 975 408 1050 placeat
428 975 512 1052 quod
532 975 574 1034 illi
594 979 770 1053 congestum
793 975 860 1049 siet,

92 1072 205 1132 Edisne
224 1090 264 1130 an
285 1070 440 1131 incenitus
460 1091 530 1131 cum
551 1074 697 1149 opulento
716 1070 873 1134 tccubae?

92 1170 144 1226 Ls.
191 1170 290 1240 Edim,
310 1168 367 1227 nisi
386 1168 410 1226 si
428 1169 479 1228 ilie
497 1168 589 1229 uotet
632 1171 681 1229 Sc.
711 1172 753 1228 At
772 1172 826 1246 poi
846 1190 915 1249 ego,
936 1174 991 1233 etsi
1008 1190 1034 1231 ut

53 1301 77 1337 ⁷⁵
92 1268 191 1339 Edim,
212 1267 302 1345 sitque
321 1269 467 1328 ambabus
487 1268 572 1327 milis
592 1269 719 1345 expletis
740 1287 856 1344 uorem,

92 1367 131 1424 Et
151 1367 234 1442 quod
254 1366 296 1424 iili
317 1368 433 1442 placeat
454 1366 630 1443 praeripiam
651 1369 872 1442 potissumum:

92 1467 200 1542 Neque
220 1465 261 1523 iili
283 1466 450 1525 concedam
471 1467 632 1542 quicquam
652 1466 693 1524 de
713 1463 775 1525 uita'
795 1485 874 1525 mea.

91 1561 293 1622 Vere'cundari
315 1563 464 1622 neminem
485 1563 565 1638 apud
587 1560 722 1622 mensim
744 1562 852 1627 decet:

91 1662 170 1718 Nam
191 1660 232 1720 ibi
253 1661 292 1721 de
313 1661 423 1721 diuinis
443 1662 533 1737 aitque
554 1659 691 1721 humanis
712 1661 850 1722 cernitur.

51 1759 148 1818 soPn.
193 1760 272 1817 Rem
292 1757 430 1819 izibuiare
474 1760 522 1818 ST.
553 1758 625 1818 Non
646 1759 700 1820 tibi
721 1758 820 1819 dictim
843 1762 935 1826 dolo:

93 1857 246 1916 Decedam
267 1877 324 1935 ego
344 1859 386 1916 illi
407 1858 447 1919 di
466 1857 525 1928 uin,
547 1857 585 1918 de
606 1859 721 1930 semita,

92 1956 139 2014 De
160 1953 274 2013 honore
294 1953 416 2029 popuii:
444 1954 547 2013 uerum
568 1955 651 2031 quod
672 1954 713 2015 ad
733 1966 870 2015 uentrem
892 1955 1012 2032 aittinet,

91 2050 160 2109 Non
183 2050 282 2109 hercle
302 2050 361 2109 hoc
381 2050 478 2126 longe,
501 2049 557 2109 nisi
578 2069 628 2110 me
648 2051 755 2128 pugnis
775 2051 890 2114 uicerit.
1024 2059 1027 2064 '

90 2149 176 2208 Cena
196 2148 252 2207 hic
272 2159 421 2208 annonast
442 2151 506 2209 sine
527 2148 617 2208 sacris
638 2148 795 2209 hereditas.

50 2273 76 2321 ⁸⁵
93 2248 218 2305 <Pn.>
262 2247 386 2324 Semper
406 2259 438 2307 tu
459 2250 518 2307 hoc
538 2249 637 2318 incito,
660 2247 836 2322 Lesbonice,
858 2249 987 2328 cogites,

91 2345 129 2405 Id
150 2346 309 2423 optumum
330 2364 404 2418 esse,
427 2350 490 2406 nite
511 2344 554 2404 uti
575 2345 614 2405 sis
635 2346 793 2423 optumus:

90 2444 120 2503 Si
141 2443 172 2503 id
193 2445 333 2520 nequeas,
356 2444 461 2503 saltem
482 2453 515 2502 ut
536 2443 666 2520 optumis
688 2443 727 2504 sis
748 2444 920 2521 proxumus.

90 2545 180 2602 Nunc
194 2541 404 2603 condicionem
419 2541 504 2613 hanc,
521 2560 612 2618 quam
623 2543 681 2619 ego
691 2543 754 2603 iero
765 2552 795 2602 et
805 2561 898 2620 quem
908 2563 966 2623 aps
978 2549 1034 2626 tep

91 2643 170 2703 Dare
185 2640 281 2718 ⁸aitque
302 2639 445 2717 accipere,
468 2640 644 2714 Lesbonice,
668 2641 698 2700 te
717 2642 797 2702 uolo.

51 2777 77 2816 90
91 2740 149 2800 Dei
169 2739 277 2800 diuites
299 2751 376 2810 sunt,
399 2740 473 2800 deos
494 2739 603 2800 decent
624 2739 794 2815 opulentiae

90 2839 129 2896 Et
149 2836 312 2897 fictiones:
340 2840 443 2898 uerum
465 2857 520 2896 nos
541 2835 726 2908 homunculi,

91 2931 243 2997 iSaiiilum
261 2931 266 3010 i
285 2933 403 2993 animae
424 2935 476 3010 qui
497 2952 588 3010 quom
611 2933 762 3009 extemplo
782 2932 946 3007 emisimus,

89 3030 197 3105 Aequo
219 3030 374 3090 mendicus
395 3032 485 3108 itque
506 3031 555 3091 ille
576 3032 829 3109 opulentissumus

90 3129 237 3190 Censetur
257 3146 347 3186 censu
368 3128 407 3187 ad
428 3112 632 3189 Acheruntem
654 3129 795 3190 mortuos.

50 3259 76 3298 ⁹⁵
92 3226 208 3286 <Sn>
253 3220 362 3282 Minim
384 3225 456 3301 quin
477 3236 509 3285 tu
530 3224 581 3286 illo
602 3228 701 3286 tecum
724 3224 843 3286 diuitiis
864 3227 959 3289 ieras:

88 3323 149 3387 Vbi
171 3323 306 3387 mortuos
326 3319 376 3395 sis,
399 3323 441 3383 ita
461 3322 500 3383 sis
521 3334 555 3384 ut
576 3324 688 3385 nomen
710 3325 796 3386 cluet.

84 3416 415 3504 m
428 3418 505 3483 ιαίε
525 3419 576 3481 hic
596 3420 741 3483 fictiones
762 3423 852 3500 itque
874 3443 949 3502 opes
