2190 3758
86 150 103 204 6
448 145 565 203 TRIN
567 145 673 203 VMM
676 146 730 206 VS.
849 148 909 218 Ia,
928 165 1022 225 5-32
1037 142 1050 226 [

62 304 222 362 s<Mn>
267 299 337 367 Hic,
351 301 436 374 illest,
459 313 580 361 senecta
601 304 697 364 aetite
718 306 769 380 qui
790 305 900 366 factust
922 326 1004 384 puer,

87 400 148 475 Qui
170 398 289 460 admisit
311 399 340 458 in
364 420 396 461 se
416 402 534 479 culpam
556 401 767 480 castigabilem.

89 501 253 579 Adgrediar
286 500 448 560 hominem.
507 502 561 563 Cn.
612 501 713 577 Quoia
745 501 793 563 hic
828 523 888 564 uox
921 524 1015 583 prope
1043 526 1050 564 1

168 602 275 660 sonat?

90 700 222 758 <Mn>
267 695 327 782 Tui
348 695 563 770 beneuolentis,
586 699 611 756 si
631 695 695 757 ita’s
715 710 749 758 ut
768 718 826 777 ego
847 701 876 760 te
897 701 988 762 uolo:

87 793 139 857 Sin
160 794 309 868 auteres,
329 791 442 853 inimici
463 805 554 869 atque
574 795 640 853 irati
661 794 723 854 tibi.

51 909 75 936 ¹0
91 894 214 954 <Cn.>
259 892 287 953 Ο
309 893 413 966 amice,
436 893 526 966 salue,
547 891 551 971 Ι
569 890 659 969 aitque
680 891 821 970 aequalis.
864 895 897 954 tit
919 898 1010 968 uales,

90 988 323 1066 Megaronides?
365 992 428 1048 Mu.
466 991 506 1049 Et
527 1001 559 1049 tu
581 990 691 1067 edepol
711 992 801 1066 salue,
825 991 974 1054 callicles.

88 1091 207 1150 Valen?
235 1087 398 1149 ualuistin?
439 1090 496 1150 Cn.
531 1089 637 1160 valeo,
660 1101 691 1152 et
712 1089 792 1149 ualui
813 1089 930 1151 rectius.

89 1189 151 1247 Mn
197 1185 277 1264 Quid
305 1191 357 1246 tua
385 1185 445 1264 agit
473 1188 568 1246 uxor?
602 1191 635 1246 ut
663 1188 766 1247 ualet?
817 1188 872 1248 Cn.
906 1189 978 1249 Pius
1005 1209 1050 1267 qua

168 1286 224 1362 ego
245 1285 325 1343 uolo.

89 1385 153 1442 Mn.
198 1385 280 1443 Bene
301 1380 428 1441 herclest
448 1380 528 1440 illam
550 1379 604 1440 tibi
625 1381 725 1441 ualere
745 1393 775 1442 et
795 1384 903 1444 uiuere.

51 1497 75 1536 ιε
89 1481 144 1541 Cn.
187 1480 289 1540 Credo
309 1478 408 1539 hercle
430 1489 459 1538 te
480 1479 618 1556 gaudere,
641 1477 740 1556 siquid
760 1479 833 1539 mihi
853 1480 960 1542 malist

89 1581 151 1638 Mu
197 1578 346 1639 Omnibus
367 1575 478 1648 amieis,
502 1577 583 1653 qudd
605 1576 715 1650 mihist,
737 1577 827 1655 cupio
849 1577 913 1640 esse
935 1578 1025 1641 idem.

89 1677 144 1737 Cn.
188 1675 255 1734 Eho
277 1679 318 1747 tu,
341 1684 393 1734 tua
414 1693 488 1734 uxor
507 1675 581 1751 quid
602 1673 684 1752 agit?
733 1677 796 1735 Mn
828 1678 1050 1741 Immortalise

87 1775 172 1834 Viuit
192 1773 401 1850 uicturaqudst.
445 1774 501 1835 CA.
533 1775 616 1833 Bene
636 1772 735 1833 hercle
756 1773 887 1850 nuntias

89 1874 232 1949 Deosque
254 1872 307 1932 dro
328 1882 360 1931 ut
380 1870 460 1930 uitae
481 1872 550 1930 tuae
571 1880 720 1946 superstes
740 1875 890 1948 suppetat.

50 1990 76 2018 20
91 1973 224 2030 <Mn>
277 1969 482 2045 Dumquidem
518 1968 617 2029 hercle
652 1979 753 2030 tecum
788 1975 882 2049 nupta
919 1972 966 2049 sit,
1003 1970 1049 2054 [M

169 2068 241 2128 saud
262 2067 377 2141 uelim„

89 2167 143 2227 Cn
187 2163 248 2223 Vin
269 2164 510 2224 cdmmutemus?
538 2167 619 2224 tuam
642 2184 698 2242 ego
720 2166 829 2225 ducam
850 2175 881 2227 et
901 2165 934 2226 tu
955 2186 1050 2228 meam

89 2265 170 2323 Faxo
191 2263 273 2323 haud
295 2260 443 2323 tantillum
464 2261 581 2323 dederis
601 2263 760 2323 uerbonim
782 2262 863 2323 mihi.

92 2359 225 2419 <Mn>
269 2353 411 2435 Namque
436 2356 516 2418 enim
541 2367 582 2431 tu,
607 2357 707 2430 credo,
732 2377 782 2418 me
807 2359 1018 2434 inprudentem
1044 2381 1050 2420 t

169 2454 303 2533 repseris.

92 2556 215 2616 <Cn.>
260 2555 309 2613 Ne
328 2564 359 2613 tu
379 2553 478 2612 hercle
496 2554 564 2612 saxo
582 2552 664 2611 haud
681 2551 795 2613 nescias
810 2572 900 2630 quam
916 2574 980 2615 rem
994 2557 1050 2634 ege

51 2674 76 2716 23
92 2653 155 2710 ΜΕ.
199 2651 323 2710 Habeits
344 2660 376 2709 ut
397 2648 551 2709 nanctu's:
579 2649 652 2709 ndta
673 2651 752 2709 mala
771 2669 817 2710 res
839 2649 1000 2727 dptumast.

92 2750 171 2807 Nam
193 2766 249 2826 ego
270 2751 351 2806 nune
373 2745 397 2806 si
418 2746 551 2824 ignotam
572 2745 697 2824 capiam,
720 2744 793 2824 quid
813 2768 899 2826 agam
921 2749 1050 2812 nesciam

89 2847 146 2908 CA.
193 2843 330 2921 iEdepdl
351 2843 478 2922 proinde
499 2856 533 2904 ut
554 2847 631 2905 bene
652 2842 769 2918 uiuitur,
792 2844 843 2906 diu
865 2846 981 2909 uiuitur.

94 2945 225 3003 <Mn>
270 2943 330 3003 Sed
348 2943 407 3002 hoe
426 2941 558 3002 inimum
578 2944 703 3005 aduorte
722 2954 812 3021 atque
826 2946 908 3006 aufer
921 2945 1050 3008 ridiculis

91 3043 171 3100 Nam
186 3059 242 3118 ego
256 3039 358 3100 dedita
372 3058 464 3116 opera
478 3039 537 3098 hue
551 3039 590 3098 ad
608 3050 638 3099 te
656 3036 754 3098 uenio.
798 3040 853 3100 Cn.
891 3040 974 3116 Quid
991 3062 1050 3104 uen

52 3158 78 3196 ³0
91 3142 154 3199 ΜΕ.
199 3140 290 3199 Malis
311 3148 341 3199 te
362 3149 395 3198 ut
416 3137 514 3198 uerbis
536 3136 637 3196 multis
657 3139 786 3197 multum
808 3137 986 3216 obiurigem.

90 3240 145 3300 Ca
192 3239 288 3296 Men?
339 3237 403 3295 Mn.
441 3234 591 3312 Numquis
626 3245 671 3296 est
705 3235 755 3294 hic
789 3234 864 3296 alius
897 3248 1016 3314 praeter
1048 3258 1050 3296 z

169 3335 259 3411 atque
280 3335 332 3395 te?

90 3433 146 3496 Cn.
183 3431 319 3492 Nemdst.
364 3433 428 3489 Mu.
459 3429 541 3506 Quid
556 3441 587 3490 tu
603 3427 690 3506 igitur
701 3428 819 3506 rogitas,
832 3440 901 3490 tene
913 3431 1050 3512 obiun'ge
