2324 3750
71 132 127 193 111
145 154 172 206 2,
191 151 306 210 12—37
324 130 377 216 [A]
434 101 717 195 TRJNVMMVS.
1043 154 1082 211 29

72 295 129 353 Lr„
174 294 299 352 Ndllum
328 293 505 353 beneficium
530 292 595 353 esse
620 293 699 352 duco
722 291 763 365 id,
788 292 872 368 quod
895 291 1037 398 quoisac

157 389 219 449 non
239 391 346 467 placet

72 487 159 572 [Lu]
199 491 268 550 Solo
295 509 352 566 ego
381 501 411 550 et
438 488 535 551 sentio
565 490 630 566 ipse
653 488 728 566 quid
752 509 847 568 agam,
874 491 972 566 neque
997 508 1082 549 mens

157 587 256 650 officio
277 588 392 667 migrat,
1119 634 1121 638 Α

73 689 143 748 Nec
163 685 222 747 tuis
242 686 374 764 depellar
394 686 481 747 dictis
501 688 574 764 quin
594 686 704 747 rumori
726 643 860 748 seruitum,
1022 690 1082 758 640

24 809 56 848 ιε
73 787 131 845 Lu.
174 785 264 862 Quid
276 785 343 847 ais?
362 805 434 845 nam
454 784 574 846 retineri
594 805 713 864 nequeo
735 787 808 863 quin
829 786 927 847 dicam
950 806 985 848 ea
1006 805 1082 863 quae

157 883 325 960 promeres:

73 965 189 1073 {tame}
210 982 333 1042 tandem
358 982 436 1041 hanc
460 979 587 1042 maiores
610 982 722 1041 samam
743 980 927 1043 tradiderunt
949 979 1003 1041 ttbi
1028 981 1081 1054 tui,

72 1079 117 1138 Vt
137 1077 245 1138 uirtute
265 1096 367 1137 eorum
388 1075 543 1154 dnteparta
563 1079 616 1154 per
635 1076 779 1155 flagitium
801 1079 964 1155 perderes?

70 1160 176 1252 Atque
196 1176 303 1236 honori
323 1176 510 1253 posterorum
531 1176 649 1237 tuorum
671 1188 703 1236 ut
724 1176 954 1248 uindemsseres,

72 1274 146 1333 Tibi
167 1283 309 1350 paterque
329 1273 463 1350 auosque
484 1271 601 1333 facilem
621 1271 691 1333 fecit
712 1283 742 1333 et
763 1271 884 1350 plandm
905 1272 985 1332 uiam
1021 1277 1080 1350 645

26 1397 60 1425 πο
72 1356 125 1432 rid
145 1374 353 1449 quaerundum
374 1373 537 1434 honorem:
565 1383 598 1432 tu
619 1372 714 1432 fecisti
735 1384 768 1433 ut
788 1372 916 1432 difficilis
935 1374 1020 1446 soret,

74 1471 176 1546 Cdlpa
196 1489 334 1530 maxume
355 1472 385 1531 et
407 1469 521 1532 desidia
542 1471 662 1547 tuisque
683 1468 779 1530 stultis
801 1468 940 1530 moribus.

74 1568 292 1647 Praedptauisti
312 1570 445 1631 amorem
467 1581 552 1630 tuom
573 1568 617 1629 uti
638 1567 740 1630 uirtuti
760 1569 977 1646 praeponeres:

74 1671 167 1728 Ndnc
188 1680 218 1729 te
238 1669 298 1728 hoc
315 1670 396 1729 facto
415 1667 511 1729 credis
529 1686 618 1745 posse
637 1669 779 1744 optegere
798 1670 914 1729 errata?
934 1669 1000 1739 aha,
1020 1666 1083 1727 non

155 1765 234 1827 itast

73 1863 162 1938 Cape
175 1861 215 1922 sis
228 1861 368 1923 uirtutem
382 1862 484 1923 animo
497 1874 528 1923 et
542 1861 633 1922 corde
646 1863 762 1939 expelle
777 1860 924 1922 desidiam
939 1872 1001 1922 tuo.
1023 1865 1082 1939 650

34 1945 115 2025 asin
128 1962 194 2022 foro
208 1981 329 2039 operam
344 1961 447 2020 amicis
463 1961 510 2034 da,
526 1980 565 2021 ne
579 1959 609 2019 in
630 1962 708 2020 lecto
727 1961 849 2032 amicae,
867 1972 899 2020 ut
918 1961 1021 2022 solitus
1041 1981 1080 2021 es.

72 2044 198 2138 Atque
201 2078 258 2136 ogo
282 2059 371 2120 istum
395 2078 498 2136 agrum
522 2056 576 2118 tibi
600 2057 728 2135 relinqui
752 2059 793 2120 db
818 2077 886 2120 eam
910 2077 972 2120 rem
996 2057 1083 2120 enixe

157 2158 273 2234 expeto,
786 2189 788 2193 ·

73 2256 117 2314 Vt
137 2252 193 2314 tibi
213 2253 251 2314 sit
271 2252 322 2331 qui
343 2253 373 2314 te
393 2252 538 2331 corrigere
559 2252 674 2330 possis:
704 2259 743 2314 ne
763 2252 889 2314 omnino
909 2253 1041 2330 inopiam

73 2354 168 2415 Ciues
190 2349 340 2412 obiectare
362 2349 478 2429 possint
501 2349 564 2422 tibi,
589 2370 664 2428 quos
686 2362 718 2410 tu
740 2348 878 2411 inimicos
900 2352 999 2410 habes.

71 2453 129 2512 Lu
173 2430 284 2510 Omnia
314 2467 370 2526 ego
399 2447 492 2508 istaec
522 2449 600 2526 quae
632 2461 665 2509 tu
697 2447 772 2509 dixti
803 2448 875 2522 scio,
910 2447 959 2507 uel
991 2448 1084 2524 exsig-

157 2548 275 2619 nauem,
1024 2549 1081 2622 655

33 2620 117 2715 pist
137 2664 201 2705 rem
224 2642 349 2720 patriam
372 2654 402 2703 et
424 2641 548 2720 gldriam
572 2642 718 2703 maiorum
742 2643 886 2704 foedarim
910 2661 1019 2703 meum.

72 2743 195 2804 Scibam
218 2752 251 2801 ut
273 2759 339 2800 esse
360 2740 409 2800 me
432 2740 561 2809 deceret,
583 2741 681 2802 facere
704 2759 767 2801 nou
789 2739 911 2817 quibam
935 2739 1041 2799 miser:

73 2823 176 2900 itaui
196 2837 329 2899 Veneris.
343 2839 471 2910 uinctus,
492 2835 556 2897 otio
577 2836 664 2916 aptus
687 2836 717 2896 in
740 2838 874 2897 fraudem
897 2836 1007 2899 incidi:

72 2921 116 2999 Et
137 2936 193 2998 tibi
212 2955 301 3008 nuuc,
322 2938 451 3012 proinde
472 2940 506 2997 ut
527 2956 648 3008 merere,
673 2940 803 2996 summas
826 2936 925 2996 habeo
946 2934 1060 3014 gratias.

70 3039 129 3098 Lu.
172 3018 214 3095 Ᾰῑ
232 3053 355 3112 operam
374 3035 469 3112 perire
489 3053 587 3094 meam
607 3033 649 3094 sic
669 3036 699 3094 et
718 3045 747 3094 te
768 3035 842 3093 haec
865 3031 970 3115 [dicta]
992 3034 1083 3094 corde

155 3136 294 3211 spernere
607 3140 609 3144 ’
1024 3135 1083 3192 660

30 3261 57 3303 ³⁵
71 3231 194 3310 Perpeti
214 3232 351 3308 neque6:
379 3230 468 3291 simul
492 3250 541 3292 me
561 3232 643 3309 piget
663 3250 767 3308 parurn
789 3232 901 3306 pudere
925 3243 961 3291 te.

68 3316 112 3395 Et
133 3342 306 3409 postrema*
319 3329 375 3390 uisi
393 3332 437 3390 ’mi
461 3332 609 3391 auscultas
633 3327 724 3406 aitque
746 3331 804 3389 hoc
826 3339 859 3388 ut
881 3328 951 3389 dico
972 3328 1052 3400 facis,

67 3433 152 3491 Tdte
171 3448 254 3506 pone
274 3429 304 3488 te
324 3427 438 3502 latebis,
462 3425 547 3488 facile
569 3446 608 3486 ne
630 3424 764 3486 inueniat
788 3437 818 3486 te
840 3427 955 3487 honor:
