2190 3758
10 104 106 251 ᾖ,
122 141 246 217 34-64
261 135 316 220 [A]
396 139 675 201 TRJNVMMVS
1002 162 1036 202 ιι

10 254 134 391 besum
155 295 222 356 fleri
243 315 361 357 seruom
382 300 453 356 cum
474 317 529 357 suo
549 298 677 375 peculio.

10 396 157 479 ÷¹<Pnn>
197 397 291 454 Erum
312 392 403 471 etque
423 414 542 455 seruom
562 396 730 474 plurumum
755 396 854 459 Philte
875 396 958 458 iubet
980 415 1038 475 435

10 482 158 565 Quem,
182 494 386 553 Lesbonicum
407 502 438 552 et
458 492 627 553 Stasimum,
644 536 652 553 .
672 497 725 553 Ln.
761 497 802 555 Dl
823 495 908 555 duint

10 552 108 667 hibi,
133 592 244 664 Phssto,
266 609 497 668 quaequomque
518 591 611 668 optes
656 591 729 669 quid
750 594 810 670 agit
831 593 933 654 silius?

10 676 87 747 Pte
131 690 215 748 Bene
235 688 300 748 uolt
320 687 383 748 tibi.
435 690 487 748 Lle
525 689 643 767 Edepol
664 695 799 752 mutuom
821 695 940 751 mecum
961 691 1038 752 lacit.

10 785 149 855 affin>
196 787 334 862 Nequam
351 785 425 846 sslud
439 786 592 846 uerbumst
606 787 700 848 ‘bene
715 789 802 859 uolt'‚
818 786 876 847 nisi
893 788 943 865 qui
963 789 1040 850 bene

11 932 14 937 .
111 883 189 943 facit

39 994 43 999 ·
85 977 107 1062 ]
149 983 217 1058 Ego
232 979 354 1058 queque
367 983 439 1042 uolo
452 999 518 1042 esse
531 983 623 1043 llber:
645 982 828 1060 nequiquem
843 985 922 1044 nolo.
979 1005 1039 1059 440

10 966 96 1239 Ξο
114 1078 247 1156 postulet
267 1078 342 1156 fingi
363 1078 438 1147 esse,
459 1098 552 1157 nugas
573 1080 713 1156 pestulet

10 1188 17 1217 t
83 1221 90 1236 .
134 1180 223 1238 Meus
244 1177 351 1256 gnaltus
372 1197 422 1237 me
442 1177 481 1237 ad
501 1188 532 1237 te
552 1175 641 1249 misit,
663 1177 740 1238 inter
760 1190 791 1239 te
811 1177 902 1256 etque
923 1197 979 1239 nos

15 1274 229 1337 Adfluitatem
251 1286 284 1335 ut
299 1273 492 1354 ‘cenciliarem
514 1286 543 1334 et
564 1271 695 1352 gretiam.

10 1358 129 1435 {Tuam
150 1372 216 1433 uelt
237 1390 367 1432 sororem
389 1372 498 1431 ducere
519 1390 658 1432 uxorem:
687 1373 716 1432 et
738 1371 811 1431 mihi

10 1452 186 1531 {Sententia
206 1469 340 1529 eademst
362 1472 391 1528 et
412 1469 489 1528 uolo.
534 1469 587 1526 Lu„
627 1469 698 1528 Hau
719 1469 815 1529 nosce
836 1480 937 1530 tuom:
980 1488 1037 1548 445

24 1564 127 1628 Bonis
148 1564 207 1625 tuis
228 1566 316 1625 rebus
338 1564 419 1626 meets
440 1584 485 1626 res
507 1563 617 1625 inrides
639 1567 739 1626 malas.

27 1664 90 1725 ΡΗ.
132 1665 239 1724 Homo
258 1665 315 1740 ego
334 1682 409 1735 sum,
430 1664 523 1724 homo
542 1663 615 1724 tu’s:
637 1665 679 1723 lta
697 1684 745 1725 me
764 1666 876 1727 amabit
896 1666 1038 1744 Itlppiter,

32 1764 142 1841 Neque
164 1764 193 1823 te
214 1762 343 1822 derisum
364 1761 494 1822 aduenio
515 1781 614 1839 neque
635 1763 758 1841 dignum
780 1776 861 1842 puto.

10 1862 145 1922 .Verum
167 1858 227 1919 hec
247 1860 331 1936 quod
353 1857 421 1930 dixi,
444 1860 527 1919 meus
549 1878 598 1919 me
619 1859 714 1920 orauit
735 1859 822 1934 sssius,

10 1960 75 2020 tVt
95 1956 178 2019 tuem
199 1975 330 2017 sororem
352 1955 506 2034 pescerem
528 1959 648 2018 uxorem
670 1957 735 2019 sibi.
981 1978 1040 2037 450

34 2056 89 2114 Ln„
133 2057 271 2115 Meardm
293 2073 458 2115 meretum
479 2053 600 2116 uenisse
620 2067 777 2132 aequomst
798 2055 942 2117 erdinem.

36 2155 114 2217 Cum
134 2155 235 2215 uestra
256 2163 357 2213 nostra
377 2153 439 2213 nen
460 2165 505 2213 est
526 2172 623 2230 aequa
643 2153 752 2214 sectio:

42 2249 230 2311 Adfluitatem
252 2250 339 2310 uebis
359 2249 448 2310 aliam
470 2249 609 2326 quaerite.

44 2347 88 2409 St.
126 2349 209 2409 Satin
230 2346 286 2406 tu’s
307 2366 396 2406 sanus
416 2345 525 2408 mentis
545 2357 596 2406 aut
616 2346 709 2407 animi
730 2347 781 2420 tui,

22 2522 25 2527 Ι
49 2442 100 2518 Qui
119 2443 328 2506 condicionem
349 2445 427 2504 hanc
448 2443 607 2522 repudies?
634 2464 704 2504 nam
725 2444 808 2506 illum
831 2445 884 2506 tibi
980 2465 1038 2525 455

52 2538 238 2603 Ferentdrium
260 2561 325 2603 esse
345 2543 475 2602 amicum
495 2541 652 2602 inuentum
673 2542 822 2621 intellego.

10 2709 12 2723 Ι
56 2635 97 2699 Im
134 2639 283 2701 Abihinc
302 2641 441 2716 dierecte.
476 2641 522 2700 ST.
548 2639 578 2699 Si
595 2641 694 2701 hercle
713 2640 754 2701 ire
774 2640 929 2718 occipia'm,
945 2657 1038 2704 notes.

12 2743 18 2817 *¹
59 2730 98 2794 Lu
134 2737 200 2799 Nisi
220 2738 295 2815 quld
315 2757 364 2797 me
384 2737 466 2797 aliud
487 2737 541 2806 uis,
563 2738 672 2811 Philto,
693 2740 834 2815 respondi
856 2739 917 2799 tibi.

18 2836 21 2843 '
61 2827 101 2890 Pu
137 2834 358 2912 Benigniorem,
380 2834 557 2906 Lesbonioe,
579 2835 609 2894 te
630 2833 711 2908 mihi,

25 2959 29 2995 1
62 2922 137 2997 Quam
156 2934 239 2993 minc
259 2931 394 3009 experior
414 2934 489 3005 esse,
510 2932 631 2992 confide
652 2933 732 2992 fore:
981 2939 1041 3009 460

64 3016 120 3085 Nam
137 3041 168 3090 et
187 3031 277 3090 stulte
296 3029 392 3090 facere
414 3041 444 3090 et
464 3029 554 3089 stulte
574 3029 738 3102 fabularer,

64 3112 212 3204 Vtrimque,
236 3127 410 3199 Lesbonico
432 3126 464 3186 in
484 3137 582 3186 aetate
603 3128 662 3186 hau
683 3129 834 3187 bonumst

64 3205 98 3272 sl·
130 3225 240 3283 Verum
261 3223 360 3284 hercle
380 3223 430 3283 hic
449 3221 531 3283 dicit.
574 3225 628 3281 Ln.
665 3205 794 3285 Oculum
816 3244 872 3302 ego
894 3227 1040 3286 ecfodiem

26 3342 27 3347 ¹
123 3321 181 3394 tibi,

64 3402 86 3465 Sl
100 3419 214 3480 uerbum
234 3418 393 3480 addideris.
436 3421 485 3479 Su.
515 3419 627 3479 Hercle
648 3421 698 3496 qui
720 3419 818 3479 dicem
841 3433 959 3480 tamen:
